@Article{mssaR,
	language  = {english},
	author = {Golyandina, N. and Korobeynikov and A. and Shlemov, A. and Usevich, K. },
	title = {Multivariate and 2D Extensions of Singular Spectrum Analysis with the Rssa Package},
	journal = {Journal of Statistical Software},
	year = {2015},
}
@Book{ssa_an,
	language = {russian},
	author = {Голяндина, Н. Э.},
	note = {Учебное пособие}, 
	title = {Метод <<Гусеница>>-SSA: анализ временных рядов},
	publisher = {СПбГУ},
	year = {2004},
}
@Article{golyandina2021detection,
	title = {Detection of signals by Monte Carlo singular spectrum analysis: Multiple testing}, 
	author = {Golyandina, N.},
	journal = {arXiv preprint},
	eprint = {arXiv:1903.01485v2},
	eprinttype = {arXiv},
	eprintclass = {stat.ME},
	year = {2021},
}
@MastersThesis{master,
	language = {russian},
	author = {Ларин, Е. С.},
	title = {Метод SSA для проверки гипотезы о существовании сигнала во временном ряде},
	school = {СПбГУ},
	year = {2022},
}
